@book{ANTLR4Reference, 
	author = {Parr, Terence}, 
	title = {The Definitive ANTLR 4 Reference}, 
	year = {2013}, 
	publisher = {Pragmatic Bookshelf}, 
	edition = {2nd}
}

@online{ANTLRWebsite,
	title = "ANTLR Website",
	url = "https://www.antlr.org"
}

@article{ANTLRLLStar,
	author = {Parr, Terence and Fisher, Kathleen},
	title = {LL(*): The Foundation of the ANTLR Parser Generator},
	year = {2011},
	issue_date = {June 2011},
	publisher = {Association for Computing Machinery},
	address = {New York, NY, USA},
	volume = {46},
	number = {6},
	issn = {0362-1340},
	url = {https://doi.org/10.1145/1993316.1993548},
	doi = {10.1145/1993316.1993548},
	journal = {SIGPLAN Not.},
	month = jun,
	pages = {425–436},
	numpages = {12},
	keywords = {memoization, subset construction, deterministic finite automata, syntactic predicates, glr, peg, context-sensitive parsing, backtracking, nondeterministic parsing, semantic predicates, augmented transition networks} 
}

@article{ANTLRALLStar,
	author = {Parr, Terence and Harwell, Sam and Fisher, Kathleen},
	title = {Adaptive LL(*) Parsing: The Power of Dynamic Analysis},
	year = {2014},
	issue_date = {October 2014},
	publisher = {Association for Computing Machinery},
	address = {New York, NY, USA},
	volume = {49},
	number = {10},
	issn = {0362-1340},
	url = {https://doi.org/10.1145/2714064.2660202},
	doi = {10.1145/2714064.2660202},
	journal = {SIGPLAN Not.},
	month = oct,
	pages = {579–598},
	numpages = {20},
	keywords = {augmented transition networks, peg, dfa, gll, all(*), glr, grammar, ll(*), nondeterministic parsing}
}

@book{LangImplPattern, 
	author = {Parr, Terence}, 
	title = {Language Implementation Patterns: Create Your Own Domain-Specific and General Programming Languages}, 
	year = {2014}, 
	isbn = {193435645X}, 
	publisher = {Pragmatic Bookshelf}, 
	edition = {5th}
}

@book{Dragonbook,
	author = {Aho, Alfred V. and Lam, Monica S. and Sethi, Ravi and Ullman, Jeffrey D.},
	title = {Compilers: Principles, Techniques, and Tools (2nd Edition)},
	year = {2006},
	publisher = {Addison-Wesley Longman Publishing Co., Inc.},
	address = {USA}
}

@manual{WebAssemblySpecification,
	title = "WebAssembly Specification",
	author = "Andreas Rossberg (editor)",
	organization = "WebAssembly Community Group",
	edition = "Release 1.0",
	month = "dec",
	year = "2019",
	url = "https://webassembly.github.io/spec/core/_download/WebAssembly.pdf"
}

@online{WebAssemblyWebsite,
	title = "WebAssembly - Website",
	url = "https://webassembly.org"
}

@online{MDNWebAssembly,
	title = "MDN - WebAssembly",
	organization = "Mozilla Foundation",
	url = "https://developer.mozilla.org/en-US/docs/WebAssembly"
}

@online{MDNJavaScript,
	title = "MDN - JavaScript",
	organization = "Mozilla Foundation",
	url = "https://developer.mozilla.org/en-US/docs/Web/JavaScript"
}

@manual{Java8Specification,
	title = "The Java Language Specification",
	author = {Gosling, James and Joy, Bill and Steele, Guy and Bracha, Gilad and Buckley, Alex},
	edition = "Java SE 8 Edition",
	month = "feb",
	year = "2015",
	url = "https://docs.oracle.com/javase/specs/jls/se8/jls8.pdf"
}

@online{GradleANTLRPlugin,
	title = "ANTLR Gradle-Plugin",
	url = "https://docs.gradle.org/current/userguide/antlr_plugin.html"
}

@online{KotlinReference,
	title = "Kotlin Reference",
	url = "https://kotlinlang.org/docs/reference"
}

@online{NodeJSDocumentation,
	title = "Node.js Documentation",
	url = "https://nodejs.org/dist/latest-v12.x/docs/api"
}

@online{Gradle,
	title = "Gradle Documentation",
	url = "https://gradle.org"
}

@online{Webpack,
	title = "webpack Documentation",
	url = "https://webpack.js.org" 
}

@online{JUnit,
	title = "JUnit User Guide",
	url = "https://junit.org/junit5/docs/current/user-guide"
}

@online{AssertJ,
	title = "AssertJ",
	url = "https://assertj.github.io/doc"
}

@online{WABT,
	title = "WABT: The WebAssembly Binary Toolkit",
	url = "https://github.com/WebAssembly/wabt"
}

@manual{Blazor,
	title = "Microsoft Docs - Blazor",
	author = {Roth, Daniel and Latham, Luke and De la Cruz, Juan and Sanderson, Steve and Bartsch, Tobias and Stropek, Rainer and Rousos, Mike},
	edition = "ASP.NET Core 3.1",
	month = "mar",
	year = "2020",
	url = "https://docs.microsoft.com/en-us/aspnet/core/blazor?view=aspnetcore-3.1"
}

@manual{Razor,
	title = "Microsoft Docs - Razor syntax",
	author = {Anderson, Rick and Mullen, Taylor and Vicarel, Dan},
	edition = "ASP.NET Core 3.1",
	month = "feb",
	year = "2020",
	url = "https://docs.microsoft.com/en-us/aspnet/core/mvc/views/razor?view=aspnetcore-3.1"
}

@online{BlazorBlog,
	title = "Blazor Server in .NET Core 3.0 scenarios and performance",
	journal = "ASP.NET Blog",
	author = "Daniel Roth",
	month = "oct",
	year = "2019",
	url = "https://devblogs.microsoft.com/aspnet/blazor-server-in-net-core-3-0-scenarios-and-performance"
}

@online{RustWasmWebsite,
	title = "Rust Website - Web­Assembly",
	url = "https://www.rust-lang.org/what/wasm"
}

@online{RustWasmBook,
	title = "Rust and WebAssembly (Book)",
	url = "https://rustwasm.github.io/docs/book"
}

@online{WeeAlloc,
	title = "wee\_{}alloc Documentation",
	url = "https://docs.rs/wee_alloc/0.4.5/wee_alloc"
}

@online{Emscripten,
	title = "Emscripten Documentation",
	url = "https://emscripten.org"
}

@online{TypeScript,
	title = "Typescript",
	url = "https://www.typescriptlang.org"
}

@online{WebAssemblyW3CPressStandard,
	title = "World Wide Web Consortium (W3C) brings a new language to the Web as WebAssembly becomes a W3C Recommendation",
	url = "https://www.w3.org/2019/12/pressrelease-wasm-rec.html.en"
}

@online{WebAssemblyW3CProcess,
	title = "WebAssembly W3C Process",
	url = "https://github.com/WebAssembly/meetings/blob/master/process/phases.md"
}

@online{WebAssemblyProposals,
	title = "WebAssembly proposals",
	url = "https://github.com/WebAssembly/proposals"
}

@online{WebAssemblyInterfaceTypes,
	title = "WebAssembly Proposal: Interface Types",
	url = "https://github.com/WebAssembly/interface-types"
}